@misc{storer2015-scclippy-proposal,
    author    = {Tim Storer and Jeremy Singer},
    title	= {Source {Code} {Clippy} ({Scclippy}) - {IDE} {Micro}-{Task} {Recommender} {Plugin}},
    year = 2015,
    howpublished = {Internal project proposal, {University} of {Glasgow}, {School} of {Computing} {Science}}
}

@misc{erose,
    author    = {Thomas Zimmermann and Valentin Dallmeier and Konstantin Halachev and Andreas Zeller},
    title     = {{eROSE}: {Guiding} {Programmers} in {Eclipse}},
    howpublished = {\url{http://thomas-zimmermann.com/publications/files/zimmermann-oopsla-2005.pdf}}
}

@misc{strathcona,
    author    = {Reid Holmes},
    title     = {Using {Structural} {Context} to {Recommend} {Source} {Code} {Examples}},
    howpublished = {\url{https://cs.uwaterloo.ca/~rtholmes/papers/thesis_2004_holmes.pdf}}
}

@misc{suade,
    author    = {Frederic Warr and Martin Robillard},
  title     = {Suade: {Topology}-{Based} {Searches} for {Software Investigation}},
    howpublished = {\url{http://www.cs.mcgill.ca/~martin/papers/icse2007d.pdf}}
}

@misc{codebroker,
    author    = {Yunwen Ye and Gerhard Fischer},
    title     = {{Reuse}-{Conducive} {Development} {Environments}},
    howpublished = {\url{http://l3d.cs.colorado.edu/~Gerhard/papers/J-ASE-final.pdf}}
}

@misc{dhruv,
    author    = {Anupriya Ankolekar and Katia Sycara and James Herbsleb and Robert Kraut and Carnegie Mellon University and Chris Welty},
    title     = {{Supporting} {Online} {Problem}-{Solving} {Communities} with the {Semantic} {Web}},
    howpublished = {\url{http://repository.cmu.edu/cgi/viewcontent.cgi?article=1085&context=hcii}}
}

@misc{expertisebrowser,
    author    = {Audris Mockus and James Herbsleb},
    title     = {{Expertise} {Browser}:
{A} {Quantitative} {Approach} to {Identifying} {Expertise}},
	howpublished = {\url{http://citeseerx.ist.psu.edu/viewdoc/download?doi=10.1.1.85.823&rep=rep1&type=pdf}}
}

@misc{parseweb,
    author    = {Suresh Thummalapenta and Tao Xie},
    title     = {{PARSEWeb}: {A} {Programmer} {Assistant} for {Reusing} {Open}
{Source} {Code} on the {Web}},
	howpublished = {\url{http://people.engr.ncsu.edu/txie/publications/ase07-parseweb.pdf}}
}

@misc{autocomplete-so,
    author    = {Emil Schutte},
    title     = {Autocomplete from {Stack} {Overflow}},
    howpublished = {\url{https://emilschutte.com/stackoverflow-autocomplete/}}
}

@misc{stackexchange-data,
    author    = {Stack Exchange, Inc.},
    title     = {Stack {Exchange} {Data} {Dump}},
    howpublished = {\url{https://archive.org/details/stackexchange}}
}


@misc{metricsreloaded,
    author    = {Bas Leijdekkers},
    title     = {MetricsReloaded},
    howpublished = {\url{https://plugins.jetbrains.com/plugin/93}}
}

@misc{mood,
    author    = "",
    title     = {{MOOD} and {MOOD2} metrics},
    howpublished = {\url{http://www.aivosto.com/project/help/pm-oo-mood.html}}
}

@misc{recommended-ck,
    title     = {{Chidamber} and {Kemerer} object-oriented metrics suite},
    howpublished = {\url{http://www.aivosto.com/project/help/pm-oo-ck.html}}
}

@misc{recommended-ck2,
    author    = "",
    title     = {The {Chidamber} and {Kemerer} {Metrics}},
    howpublished = {\url{http://www.virtualmachinery.com/sidebar3.htm}}
}

@misc{github,
    title     = {{GitHub} {Source} {Code} {Clippy} project},
    howpublished = {\url{https://github.com/thrios/SourceCodeClippy/}}
}

@misc{github-issues,
    title     = {{GitHub} {Source} {Code} {Clippy} project issues},
    howpublished = {\url{https://github.com/thrios/SourceCodeClippy/issues/}}
}

@Misc{moscow,
	title = {{The} {MoSCoW} {Approach}},
    author = {{DSDM} {Consortium}},
    howpublished = {\url{http://www.dsdm.org/content/10-moscow-prioritisation}}
}

@misc{htmlcolours,
    author    = "",
    title     = {{HTML} colours},
    howpublished = {\url{http://www.w3schools.com/colors/colors_names.asp}}
}

@misc{stackexchange,
    author    = {Stack Exchange, Inc.},
    title     = {{Stack} {Exchange} {API}},
    howpublished = {\url{http://api.stackexchange.com/}}
}

@misc{stackexchange-excerpts,
    author    = {Stack Exchange, Inc.},
    title     = {{Stack} {Exchange} {API} - {Excerpts}},
    howpublished = {\url{http://api.stackexchange.com/docs/excerpt-search}}
}

@misc{stackexchange-info,
    author    = {Stack Exchange, Inc.},
    title     = {{Stack} {Exchange} {API} - {Info}},
    howpublished = {\url{http://api.stackexchange.com/docs/info}}
}

@misc{lucene-scoring,
    title     = {{Lucene} {Scoring}},
    howpublished = {\url{http://www.lucenetutorial.com/advanced-topics/scoring.html}}
}

@misc{smartsurvey,
    author    = {SmartSurvey},
    howpublished = {\url{http://www.smartsurvey.co.uk}}
}

